@inproceedings{kamishima2003,
  title={Nantonac collaborative filtering: recommendation based on order responses},
  author={Kamishima, Toshihiro},
  booktitle={Proceedings of the Ninth ACM SIGKDD International Conference on Knowledge Discovery and Data Mining},
  pages={583--588},
  year={2003}
}

@article{bradley1952,
  title={Rank analysis of incomplete block designs: {I}. The method of paired comparisons},
  author={Bradley, Ralph Allan and Terry, Milton E},
  journal={Biometrika},
  volume={39},
  number={3/4},
  pages={324--345},
  year={1952}
}
@article{plackett1975,
  title={The analysis of permutations},
  author={Plackett, Robin L},
  journal={Journal of the Royal Statistical Society Series C: Applied Statistics},
  volume={24},
  number={2},
  pages={193--202},
  year={1975}
}

@book{luce1959,
  title={Individual choice behavior},
  author={Luce, R Duncan},
  year={1959},
  publisher={John Wiley}
}

@article{elo1967,
  title={The proposed {UCSF} rating system, its development, theory,
                  and applications},
  author={Elo, Arpad E},
  journal={Chess Life},
  volume={22},
  number={8},
  pages={242--247},
  year={1967}
}

@article{robbins1951,
  title={A stochastic approximation method},
  author={Robbins, Herbert and Monro, Sutton},
  journal={The Annals of Mathematical Statistics},
  pages={400--407},
  year={1951}
}

@article{davidson1970,
  title={On extending the {B}radley-{T}erry model to accommodate ties
                  in paired comparison experiments}, 
  author={Davidson, Roger R},
  journal={Journal of the American Statistical Association},
  volume={65},
  number={329},
  pages={317--328},
  year={1970}
}

@article{carpenter2017stan,
  title={Stan: A probabilistic programming language},
  author={Carpenter, Bob and Gelman, Andrew and Hoffman, Matthew D and Lee, Daniel and Goodrich, Ben and Betancourt, Michael and Brubaker, Marcus and Guo, Jiqiang and Li, Peter and Riddell, Allen},
  journal={Journal of Statistical Software},
  volume={76},
  number={1},
  year={2017}
}

@misc{stan2023,
  title={Stan Reference Manual},
  version={Version 2.32},
  author={{Stan Development Team}},
  year={2023},
  url={https://mc-stan.org/docs/reference-manual/index.html}
}

@misc{stan2023users,
  title={Stan User's Guide},
  version={2.32},
  author={{Stan Development Team}},
  year={2023},
  url={https://mc-stan.org/docs/stan-users-guide/index.html}
}

@misc{stan2023funs,
  title={Stan Functions Reference},
  version={Version 2.32},
  author={{Stan Development Team}},
  year={2023},
  url={https://mc-stan.org/docs/functions-reference/index.html}
}

@article{gelman2020workflow,
  title={Bayesian workflow},
  author={Gelman, Andrew and Vehtari, Aki and Simpson, Daniel and Margossian, Charles C and Carpenter, Bob and Yao, Yuling and Kennedy, Lauren and Gabry, Jonah and B{\"u}rkner, Paul-Christian and Modr{\'a}k, Martin},
  journal={arXiv},
  number={2011.01808},
  year={2020}
}

@article{gabry2019,
  title={Visualization in {B}ayesian workflow},
  author={Gabry, Jonah and Simpson, Daniel and Vehtari, Aki and Betancourt, Michael and Gelman, Andrew},
  journal={Journal of the Royal Statistical Society Series A: Statistics in Society},
  volume={182},
  number={2},
  pages={389--402},
  year={2019}
}

@book{gelman2013,
  title={Bayesian Data Analysis},
  author={Gelman, Andrew and Carlin, John B and Stern, Hal S and Dunson, David B and Vehtari, Aki and Rubin, Donald B},
  edition={Third Edition},
  year={2013},
  publisher={CRC Press}
}

