@misc{stan2023,
  title={Stan Reference Manual},
  version={Version 2.33},
  author={{Stan Development Team}},
  year={2023},
  url={https://mc-stan.org/docs/reference-manual/index.html}
}

@book{gelman2013,
  title={Bayesian Data Analysis},
  author={Gelman, Andrew and Carlin, John B and Stern, Hal S and Dunson, David B and Vehtari, Aki and Rubin, Donald B},
  edition={Third Edition},
  year={2013},
  publisher={CRC Press}
}

@article{passonneau2014,
  title={The benefits of a model of annotation},
  author={Passonneau, Rebecca J and Carpenter, Bob},
  journal={Transactions of the Association for Computational Linguistics},
  volume={2},
  pages={311--326},
  year={2014},
  publisher={MIT Press One Rogers Street, Cambridge, MA 02142-1209, USA journals-info~â€¦}
}

@article{dawid1979,
  title={Maximum likelihood estimation of observer error-rates using the EM algorithm},
  author={Dawid, Alexander Philip and Skene, Allan M},
  journal={Journal of the Royal Statistical Society: Series C (Applied Statistics)},
  volume={28},
  number={1},
  pages={20--28},
  year={1979},
  publisher={Wiley Online Library}
}